<record><leader>00000cas a22000007a 4500</leader><controlfield tag="001">17766720</controlfield><controlfield tag="008">880411d19251927ohudr ne      0    0eng d</controlfield><datafield ind1=" " ind2=" " tag="010"><subfield code="a">sn 88078429 </subfield></datafield><datafield ind1=" " ind2=" " tag="040"><subfield code="a">ONP</subfield><subfield code="b">eng</subfield><subfield code="c">ONP</subfield><subfield code="d">OCLCQ</subfield></datafield><datafield ind1=" " ind2=" " tag="042"><subfield code="a">msc</subfield></datafield><datafield ind1="0" ind2=" " tag="130"><subfield code="a">Times-press (Akron, Ohio)</subfield></datafield><datafield ind1="1" ind2="4" tag="245"><subfield code="a">The Times-press.</subfield></datafield><datafield ind1="3" ind2="0" tag="246"><subfield code="a">Akron Sunday times</subfield></datafield><datafield ind1=" " ind2=" " tag="260"><subfield code="a">Akron, Ohio :</subfield><subfield code="b">Scripps Pub. Co.,</subfield><subfield code="c">1925-1927.</subfield></datafield><datafield ind1=" " ind2=" " tag="300"><subfield code="a">v.</subfield></datafield><datafield ind1=" " ind2=" " tag="310"><subfield code="a">Daily</subfield></datafield><datafield ind1="0" ind2=" " tag="362"><subfield code="a">No. 8267 (Mar. 23, 1925)-no. 9073 (June 25, 1927).</subfield></datafield><datafield ind1=" " ind2=" " tag="500"><subfield code="a">On Sundays published as: Akron Sunday times.</subfield></datafield><datafield ind1=" " ind2=" " tag="752"><subfield code="a">United States</subfield><subfield code="b">Ohio</subfield><subfield code="c">Summit</subfield><subfield code="d">Akron.</subfield></datafield><datafield ind1="0" ind2="0" tag="780"><subfield code="t">Akron evening times, the Akron press</subfield><subfield code="w">(DLC)sn 88078430</subfield></datafield><datafield ind1="0" ind2="0" tag="785"><subfield code="t">Akron times-press</subfield><subfield code="w">(DLC)sn 88078428</subfield></datafield></record>